<?xml version="1.0" encoding="UTF-8"?><collection xmlns="http://www.loc.gov/MARC21/slim"><record><leader>00586nam--2200181-i-4500</leader><controlfield tag="001">000020483</controlfield><controlfield tag="002">20161230</controlfield><controlfield tag="005">20161230201033</controlfield><controlfield tag="008">060222s1000------------r-----000-0-eng-d</controlfield><datafield ind1=" " ind2=" " tag="040"><subfield code="a">IFIN-HH</subfield></datafield><datafield ind1=" " ind2=" " tag="080"><subfield code="a">530.145:538.9:51</subfield></datafield><datafield ind1="1" ind2=" " tag="100"><subfield code="a">Araki, Huzihiro</subfield></datafield><datafield ind1="1" ind2="0" tag="245"><subfield code="a">Mathematical physics studies. vol. 16. quantum and non-commutative analysis</subfield><subfield code="c">Hizihiro araki, keiichi r. ito, akitaka kishimoto, izumi ojima (eds.)</subfield></datafield><datafield ind1=" " ind2=" " tag="260"><subfield code="a">Dordrecht</subfield><subfield code="b">Kluwer Academic Publishers</subfield><subfield code="c">1993</subfield></datafield><datafield ind1=" " ind2=" " tag="300"><subfield code="a">XII+464P</subfield></datafield><datafield ind1="1" ind2=" " tag="700"><subfield code="a">Ojima, Izumi</subfield><subfield code="e">Ed</subfield></datafield><datafield ind1=" " ind2=" " tag="852"><subfield code="a">72663</subfield><subfield code="c">53.02</subfield></datafield><datafield ind1=" " ind2=" " tag="CAT"><subfield code="a">Sys</subfield><subfield code="c">20151021</subfield><subfield code="h">155622</subfield></datafield></record></collection>